@Book{malvino,
 author = {Malvino, Albert},
 title = {Digital computer electronics},
 publisher = {Tata McGraw-Hill},
 year = {1993},
 address = {New Delhi},
 isbn = {9780074622353}
 }
@Book{objects,
 author = {Abadi, MartiÃÅn},
 title = {A theory of objects},
 publisher = {Springer},
 year = {1996},
 address = {New York},
 isbn = {0387947752}
 }

@book{kaufman,
 author = {Agarwal, Anant},
 title = {Foundations of analog and digital electronic circuits},
 publisher = {Elsevier Morgan Kaufman Publishers},
 year = {2005},
 address = {Amsterdam Boston},
 isbn = {1558607358}
 }

@book{harris,
 author = {Harris, David},
 title = {Digital design and computer architecture},
 publisher = {Morgan Kaufmann},
 year = {2015},
 address = {Waltham, Mass},
 isbn = {9789382291527}
 }

@book{gof,
 author = {Gamma, Erich},
 title = {Design patterns : elements of reusable object-oriented software},
 publisher = {Addison-Wesley},
 year = {1995},
 address = {Reading, Mass},
 isbn = {0201633612}
 }

@website{somethign,
title = {https://www.microwavejournal.com/articles/3010-an-object-oriented-circuit-simulator},
}

