@book{boss,
  title={3D Computer Graphics: A Mathematical Introduction with OpenGL},
  author={Buss, S.R.},
  isbn={9781139440387},
  year={2003},
  publisher={Cambridge University Press}
}

@book{halliday,
  title={Fundamentals of Physics},
  author={Halliday, D. and Resnick, R. and Walker, J.},
  isbn={9780470469118},
  lccn={2009033774},
  year={2010},
  publisher={John Wiley \& Sons}
}
